@article{ConNetPaper,
  author = {Thibaut Perol, Michaël Gharbi and Marine Denolle},
  title = {Convolutional neural network for earthquake detection and location},
  url = {https://advances.sciencemag.org/content/4/2/e1700578},
  journal = {Science Advances},
  volume = {4},
  number = {2},
  month = {feb},
  year = {2018}
}

@article{ECEFPaper,
  author = {J. Zhu},
  title = {Conversion of Earth-centered Earth-fixed coordinates to geodetic coordinates},
  url = {https://ieeexplore.ieee.org/abstract/document/303772/},
  month = {jul},
  year = {1994}
}

@article{PWavePaper,
  author = {Guy T. Kuster and M. Nafi Toksöz},
  title = {VELOCITY AND ATTENUATION OF SEISMIC WAVES IN TWO‐PHASE MEDIA: PART I. THEORETICAL FORMULATIONS},
  url = {https://library.seg.org/doi/abs/10.1190/1.1440450},
  month = {oct},
  year = {1974}
}
